@inproceedings{bernstein2008chacha,
	title = {ChaCha, a variant of Salsa20},
	author = {Bernstein, Daniel J and others},
	booktitle = {Workshop record of SASC},
	volume = {8},
	number = {1},
	pages = {3--5},
	year = {2008},
	organization = {Citeseer},
}
